<?xml version="1.0" encoding="UTF-8"?><collection xmlns="http://www.loc.gov/MARC21/slim"><record><leader>00450nam--2200145-i-4500</leader><controlfield tag="001">000008149</controlfield><controlfield tag="002">20161230</controlfield><controlfield tag="005">20170206202537</controlfield><controlfield tag="008">060222s1000------------r-----000-0-eng-d</controlfield><datafield ind1=" " ind2=" " tag="100"><subfield code="a">Carpenter, Jones</subfield><subfield code="c">Ph.D</subfield></datafield><datafield ind1=" " ind2=" " tag="245"><subfield code="a">X-ray fluorescent analysis of multiple compone nt samples by a nondispersive system</subfield></datafield><datafield ind1=" " ind2=" " tag="260"><subfield code="a">San Mateo, Calif</subfield><subfield code="b">Technical Measurement Corp</subfield><subfield code="c">[1967]</subfield></datafield><datafield ind1=" " ind2=" " tag="300"><subfield code="a">/8 P.</subfield></datafield><datafield ind1=" " ind2=" " tag="700"><subfield code="a">Carpent Er, R. A</subfield></datafield><datafield ind1=" " ind2=" " tag="CAT"><subfield code="a">SYS</subfield><subfield code="c">20170206</subfield><subfield code="h">202537</subfield></datafield></record></collection>